<?xml version="1.0" encoding="UTF-8"?><collection xmlns="http://www.loc.gov/MARC21/slim"><record><leader>00490nam--2200181-i-4500</leader><controlfield tag="001">000034351</controlfield><controlfield tag="002">20161230</controlfield><controlfield tag="005">20161230201040</controlfield><controlfield tag="008">060222s1000------------r-----000-0-fre-d</controlfield><datafield ind1=" " ind2=" " tag="040"><subfield code="a">IFIN-HH</subfield></datafield><datafield ind1=" " ind2=" " tag="041"><subfield code="a">fre</subfield></datafield><datafield ind1=" " ind2=" " tag="080"><subfield code="a">015:532.51</subfield></datafield><datafield ind1="1" ind2=" " tag="100"><subfield code="a">Nguyen Trien Dong</subfield></datafield><datafield ind1="1" ind2="0" tag="245"><subfield code="a">Contribution au calcul de la resistance de vagues theorique.these</subfield><subfield code="c">Nguyen trien dong</subfield></datafield><datafield ind1=" " ind2=" " tag="260"><subfield code="a">Paris, Faculte Des Sciences, 1970</subfield></datafield><datafield ind1=" " ind2=" " tag="300"><subfield code="a">10P</subfield></datafield><datafield ind1=" " ind2=" " tag="852"><subfield code="a">38172</subfield><subfield code="c">532</subfield></datafield><datafield ind1=" " ind2=" " tag="CAT"><subfield code="a">Sys</subfield><subfield code="c">20100715</subfield><subfield code="h">104225</subfield></datafield></record></collection>